{1:F01INGBNL2ABXXX0000000000}
{2:I940INGBNL2AXXXN}
{4:
:20:P151001000000001
:25:NL62INGB0001212121EUR
:28C:00000
:60F:C210926EUR10000,00
:61:2110011001D0,05NODCNONREF//33272228171111
/TRCD/09101/
:61:2109260926D10,10NCHGEREF//44469555505099
/TRCD/09001/
:62F:C211001EUR9989,85
:64:C211001EUR9989,85
:65:C211002EUR9989,85
:65:C211003EUR9989,85
:86:/SUM/3/0/10,15/0,00/
-}
